<record><leader>00000cas a22000007a 4500</leader><controlfield tag="001">9329448</controlfield><controlfield tag="008">830321d18431843mausr ne      0    0eng d</controlfield><controlfield tag="009">3768</controlfield><datafield ind1=" " ind2=" " tag="010"><subfield code="a">sn 83020343 </subfield></datafield><datafield ind1=" " ind2=" " tag="040"><subfield code="a">NPX</subfield><subfield code="b">eng</subfield><subfield code="c">NPX</subfield><subfield code="d">MGN</subfield></datafield><datafield ind1="1" ind2=" " tag="029"><subfield code="a">AU@</subfield><subfield code="b">000025791074</subfield></datafield><datafield ind1=" " ind2=" " tag="042"><subfield code="a">msc</subfield></datafield><datafield ind1=" " ind2=" " tag="043"><subfield code="a">n-us-ma</subfield></datafield><datafield ind1="0" ind2="0" tag="245"><subfield code="a">Voice around the jail.</subfield></datafield><datafield ind1=" " ind2=" " tag="260"><subfield code="a">Essex County [i.e. Salem], Mass. :</subfield><subfield code="b">[W.H. Perley],</subfield><subfield code="c">1843.</subfield></datafield><datafield ind1=" " ind2=" " tag="300"><subfield code="a">v. ;</subfield><subfield code="c">39 cm.</subfield></datafield><datafield ind1=" " ind2=" " tag="310"><subfield code="a">Semimonthly</subfield></datafield><datafield ind1="0" ind2=" " tag="362"><subfield code="a">Vol. 1, no. 1 (Apr. 30, 1843)-v. 1, no. 3 (May 28, 1843).</subfield></datafield><datafield ind1=" " ind2=" " tag="500"><subfield code="a">Printed by W.H. Perley for Sylvanus Brown, then incarcerated in Salem prison for disturbing the peace in time of worship. Cf. Streeter, G.S.  Account of newspapers ... in Salem, 1768-1856.</subfield></datafield><datafield ind1=" " ind2=" " tag="580"><subfield code="a">Published from the office of Locomotive; an independent journal.</subfield></datafield><datafield ind1="1" ind2=" " tag="700"><subfield code="a">Brown, Sylvanus.</subfield></datafield><datafield ind1=" " ind2=" " tag="752"><subfield code="a">United States</subfield><subfield code="b">Massachusetts</subfield><subfield code="c">Essex</subfield><subfield code="d">Salem.</subfield></datafield></record>